@book{DGHP99,
	title = {Handbook Of Tableau Methods},
	editor = {D'Agostino, M. AND Gabbay, Dov M. AND Hähnle, Reiner AND Posegga, J.},
	address = {Dordecht/Boston/London},
	publisher = {Kluwer Academic Publishers},
	year = {1999},
	isbn = {0-7923-5627-6}
}

@BOOK{KB14,
	AUTHOR = {von Kutschera, Franz AND Breitkopf, Alfred},
	YEAR = {2014},
	TITLE = {Einführung in die moderne Logik},
	ISBN = {978-3-495-48271-1},
	PUBLISHER = {Verlag Karl Alber GmbH},
	ADDRESS = {Freiburg im Breisgau},
}

@book{B62,
	AUTHOR = {Beth, Evert W.},
	YEAR = {1962},
	TITLE = {Formal Methods},
	SUBTITLE = {An introduction to symbolic logic and to the study of effective operations in arithmetic and logic},
	PUBLISHER = {D. Reidel Publishing Company},
	ADDRESS = {Dordrecht-Holland}
}

@book{BK82,
	AUTHOR = {Barth, E. M. AND Krabbe, E. C. W.},
	YEAR = {1982},
	TITLE = {From Axiom to Dialogue},
	SUBTITLE = {A philosophical study of logics and argumentation},
	ISBN = {978-3-110-08489-4},
	PUBLISHER = {W. de Gruyter},
	ADDRESS = {Berlin},
}

@book{K82,
	AUTHOR = {Krabbe, E. C. W.},
	YEAR = {1982},
	TITLE = {Studies in Dialogical Logic},
}

@InCollection{SK18,
	author       =	{Shapiro, Stewart and Kouri Kissel, Teresa},
	title        =	{Classical Logic},
	booktitle    =	{The Stanford Encyclopedia of Philosophy},
	editor       =	{Edward N. Zalta},
	howpublished =	{\url{https://plato.stanford.edu/archives/spr2018/entries/logic-classical/}},
	year         =	{2018},
	edition      =	{Spring 2018},
	publisher    =	{Metaphysics Research Lab, Stanford University}
}

@BOOK{RN16,
	AUTHOR = {Russell, Stuart AND Norvig, Peter},
	YEAR = {2016},
	TITLE = {Artificial Intelligence - A Modern Approach},
	EDITION = {3. Aufl.},
	ISBN = {978-1-292-15396-4},
	PUBLISHER = {Pearson},
	ADDRESS = {München},
}

@Article{casc_atp_comp,
    Author       = "Sutcliffe, G.",
    Year         = "2016",
    Title        = "{The CADE ATP System Competition - CASC}",
    Journal      = "AI Magazine",
    Volume       = "37",
    Number       = "2",
    Pages        = "99-101",
    Comment      = "TPTPCite"
}

@article{model_elimination,
	author = {Levy, Michel},
	year = {2016},
	month = {03},
	pages = {},
	title = {The method ``Model Elimination'' of D.W.Loveland explained}
}

@misc{formalize_100_theorems,
	author = {Wiedijk, F.},
	year = {2020},
	title = {Formalizing 100 Theorems},
	howpublished = {\url{http://www.cs.ru.nl/~freek/100/}},
	note = {Accessed: 2020-01-12}
}